<record><leader>00000cas a22000007a 4500</leader><controlfield tag="001">36708586</controlfield><controlfield tag="008">970409d19021943okuwr n       0    0eng d</controlfield><datafield ind1=" " ind2=" " tag="010"><subfield code="a">sn 97064803 </subfield></datafield><datafield ind1=" " ind2=" " tag="040"><subfield code="a">OBN</subfield><subfield code="b">eng</subfield><subfield code="c">OBN</subfield><subfield code="d">OCLCQ</subfield><subfield code="d">OCLCF</subfield><subfield code="d">OCLCO</subfield></datafield><datafield ind1="1" ind2=" " tag="029"><subfield code="a">AU@</subfield><subfield code="b">000013197203</subfield></datafield><datafield ind1=" " ind2=" " tag="042"><subfield code="a">msc</subfield></datafield><datafield ind1="0" ind2="4" tag="245"><subfield code="a">The Sayre headlight.</subfield></datafield><datafield ind1="3" ind2=" " tag="246"><subfield code="a">Sayre headlight and Sayre journal</subfield></datafield><datafield ind1="3" ind2=" " tag="246"><subfield code="a">Sayre (Okla.) headlight</subfield></datafield><datafield ind1=" " ind2=" " tag="260"><subfield code="a">Sayre, Roger Mills County, Okla. :</subfield><subfield code="b">Curren &amp; Eller</subfield></datafield><datafield ind1=" " ind2=" " tag="300"><subfield code="a">v.</subfield></datafield><datafield ind1=" " ind2=" " tag="310"><subfield code="a">Weekly</subfield><subfield code="b">July 23, 1931-Sep. 2, 1942</subfield></datafield><datafield ind1=" " ind2=" " tag="321"><subfield code="a">Semiweekly</subfield><subfield code="b">Mar. 25, 1929-July 16, 1931</subfield></datafield><datafield ind1=" " ind2=" " tag="321"><subfield code="a">Weekly</subfield><subfield code="b">May 22, 1902-Mar 21, 1929</subfield></datafield><datafield ind1="0" ind2=" " tag="362"><subfield code="a">Vol. 3, no. 36 (May 22, 1902)-v. 45, no. 43 (Sep. 2, 1943).</subfield></datafield><datafield ind1=" " ind2=" " tag="500"><subfield code="a">"Successor to the Berlin and Sayre Venture.</subfield></datafield><datafield ind1=" " ind2="0" tag="651"><subfield code="a">Sayre (Okla.)</subfield><subfield code="v">Newspapers.</subfield></datafield><datafield ind1=" " ind2="0" tag="651"><subfield code="a">Beckham County (Okla.)</subfield><subfield code="v">Newspapers.</subfield></datafield><datafield ind1=" " ind2="7" tag="655"><subfield code="a">Newspapers.</subfield><subfield code="2">fast</subfield><subfield code="0">(OCoLC)fst01423814</subfield></datafield><datafield ind1=" " ind2="7" tag="651"><subfield code="a">Oklahoma</subfield><subfield code="z">Beckham County.</subfield><subfield code="2">fast</subfield><subfield code="0">(OCoLC)fst01216113</subfield></datafield><datafield ind1=" " ind2="7" tag="651"><subfield code="a">Oklahoma</subfield><subfield code="z">Sayre.</subfield><subfield code="2">fast</subfield><subfield code="0">(OCoLC)fst01220628</subfield></datafield><datafield ind1=" " ind2=" " tag="752"><subfield code="a">United States</subfield><subfield code="b">Oklahoma</subfield><subfield code="c">Beckham</subfield><subfield code="d">Sayre.</subfield></datafield><datafield ind1="0" ind2=" " tag="775"><subfield code="t">Sayre daily headlight-journal</subfield><subfield code="w">(DLC)sn 97064804</subfield><subfield code="w">(OCoLC)36709279</subfield></datafield><datafield ind1="0" ind2="0" tag="780"><subfield code="t">Sayre venture</subfield><subfield code="w">(DLC)sn 97064802</subfield><subfield code="w">(OCoLC)36708503</subfield></datafield><datafield ind1="0" ind2="5" tag="780"><subfield code="t">Sayre journal (Sayre, Okla. : 1924)</subfield><subfield code="w">(DLC)sn 97064800</subfield><subfield code="w">(OCoLC)36708403</subfield></datafield></record>